@article{geuzaine2009gmsh,
  title={Gmsh: A 3-D finite element mesh generator with built-in pre-and post-processing facilities},
  author={Geuzaine, Christophe and Remacle, Jean-Fran{\c{c}}ois},
  journal={International journal for numerical methods in engineering},
  volume={79},
  number={11},
  pages={1309--1331},
  year={2009},
  publisher={Wiley Online Library}
}

@book{dalheimer2002programming,
  title={Programming with QT: Writing portable GUI applications on Unix and Win32},
  author={Dalheimer, Matthias},
  year={2002},
  publisher={" O'Reilly Media, Inc."}
}

@book{bast2018cmake,
  title={CMake Cookbook: Building, testing, and packaging modular software with modern CMake},
  author={Bast, Radovan and Di Remigio, Roberto},
  year={2018},
  publisher={Packt Publishing Ltd}
}

@article{studio2019visual,
  title={Visual Studio},
  author={Microsoft},
  journal={URL: https://visualstudio. microsoft. com},
  year={2023}
}

@inproceedings{pashinska2022comparison,
  title={Comparison of compiler efficiency with SSE and AVX instructions},
  author={Pashinska-Gadzheva, Maria},
  booktitle={2022 International Conference Automatics and Informatics (ICAI)},
  pages={56--59},
  year={2022},
  organization={IEEE}
}

@article{schroeder2000visualizing,
  title={Visualizing with VTK: a tutorial},
  author={Schroeder, William J and Avila, Lisa Sobierajski and Hoffman, William},
  journal={IEEE Computer graphics and applications},
  volume={20},
  number={5},
  pages={20--27},
  year={2000},
  publisher={IEEE}
}

@article{atlassian, 
 title={Free Git Gui for Mac and windows},
 author={Atlassian},
 journal={URL: https://www. sourcetreeapp. com},
 year={2023}
}

@article{license1989gnu,
  title={Gnu general public license},
  author={License, GNU General Public},
  journal={Retrieved December},
  volume={25},
  pages={2014},
  year={1989}
}



